@ONLINE{aboutOpenCV,
  URL="https://opencv.org/about.html",
  TITLE="ABOUT",
  AUTHOR="OpenCV",
  YEAR=""
}

@Online{MTF,
URL = "https://pdfs.semanticscholar.org/42c9/1d77d8d2ab9e415557fef88aae57bc6d3ebe.pdf",
TITLE = "Benchmarking of the ISO 12233 Slanted-edge
Spatial Frequency Response Plug-in",
AUTHOR = "Don Williams"}

@ONLINE{Onvifdm,
  TITLE="Onvif Device Manager",
  URL="https://sourceforge.net/projects/onvifdm/"
}

@ONLINE{Onvif,
  TITLE="Onvif",
  URL="https://www.onvif.org/"
}

@ONLINE{RTSPwiki,
  TITLE="Real Time Streaming Protocol",
  AUTHOR="Wikipedia",
  URL="https://fr.wikipedia.org/wiki/Real_Time_Streaming_Protocol"
}

@ONLINE{RTSP,
  TITLE = "RTSP Media Streaming Server on Windows Embedded Compact 7(WEC7",
  AUTHOR = "iWave Systems",
  URL = "http://www.iwavesystems.com/rtsp-media-streaming-server-on-windows-embedded-compact-7-wec7"
}

@Online{EscamVid,
  AUTHOR = "EScam",
  TITLE = "youtube: ESCAM Q1039",
  year = 2017,
  month = may,
  day = 11,
  URL="https://youtu.be/uSwwngBvzVg"
}

@Online{ispy,
  Author = "ISpyConnect",
  URL= "https://www.ispyconnect.com/man.aspx?n=eScam",
  TITLE = "Escam camera list"
}

@article{MOT16,
	title = {{MOT}16: {A} Benchmark for Multi-Object Tracking},
	shorttitle = {MOT16},
	url = {http://arxiv.org/abs/1603.00831},
	journal = {arXiv:1603.00831 [cs]},
	author = {Milan, A. and Leal-Taix\'{e}, L. and Reid, I. and Roth, S. and Schindler, K.},
	month = mar,
	year = {2016},
	note = {arXiv: 1603.00831},
	keywords = {Computer Science - Computer Vision and Pattern Recognition}
}

@Online{trackingSotA1,
  URL = "https://www.researchgate.net/post/What_are_the_state_of_the_art_methods_for_tracking_many_multi_objects_with_static_camera_videos",
  AUTHOR = "Suresh Merugu PhD de l'Indian Institute of Technology Roorkee",
  TITLE = "What are the state of the art methods for tracking many multi objects with static camera videos?"
}

@Online{trackingSotA2,
  URL= "https://medium.com/playment/comparing-the-top-computer-vision-apis-for-ocr-32def95f41ac",
  TITLE = "Comparing the Top Computer Vision APIs for OCR",
  AUTHOR = "Harish Choudhary",
  month = sep,
  year = 2017
}

@Online{log,
  URL = "http://sametmax.com/ecrire-des-logs-en-python/",
  AUTHOR = "«Sam»",
  TITLE = "Écrire des logs en Python",
  year = 2013,
  month = mar,
  day = 8
}

@Online(APItracking,
  URL = "https://docs.opencv.org/3.4.1/d9/df8/group__tracking.html",
  TITLE = "documentation openCV sur les fonctions de trackings",
  AUTHOR = "OpenCV"
}

@Online(HaarOpenCV,
	URL = "https://docs.opencv.org/3.4.1/d7/d8b/tutorial_py_face_detection.html",
    AUTHOR = "OpenCV",
    Title = "Face Detection using Haar Cascades"
}

@Online{Reco,
  URL = "https://software.intel.com/en-us/articles/a-closer-look-at-object-detection-recognition-and-tracking",
  AUTHOR= "Grevelink, Evelyn",
  year = 2017,
  month = dec,
  TITLE = "A Closer Look at Object Detection, Recognition and Tracking"
}

@Online{FaceReco,
  URL = "https://docs.opencv.org/2.4/modules/contrib/doc/facerec/facerec_tutorial.html",
  TITLE = "Face Recognition with OpenCV",
  AUTHOR = "OpenCV 2.4.13.6 documentation"
}
@Online{Xiaomi,
	URL = "https://www.lejdd.fr/economie/les-smartphones-chinois-du-geant-xiaomi-arrivent-en-france-3639701",
    TITLE ="Les smartphones chinois du géant Xiaomi arrivent en France",
    YEAR = 2018,
    MONTH = may,
    AUTHOR = "Rémy Dessarts"
}

@Online{FangHacks,
	URL = "https://github.com/samtap/fang-hacks",
    Title = "Fang Hacks",
	YEAR = 2017,
    MONTH = sep,
    AUTHOR = "samtap"
}

@Online{VRCam,
URL = "https://play.google.com/store/apps/details?id=com.generalcomp.vrcam&hl=fr",
TITLE = "Google Play: VR Camera,VR CAM"}

@Online{ISO12233,
URL="https://www.iso.org/fr/standard/71696.html",
AUTHOR = "ISO",
TITLE = "Photographie -- Imagerie des prises de vues électroniques -- Résolution et réponses en fréquence spatiale"}